@article{michel2011,
  title = {Quantitative Analysis of Culture Using Millions of Digitized Books},
  volume = {331},
  number = {6014},
  journal = {Science},
  author = {Michel, Jean-Baptiste and Shen, Yuan Kui and Aiden, Aviva P. and Veres, Adrian and Gray, Matthew K. and Team, The Google Books and Pickett, Joseph P. and Hoiberg, Dale and Clancy, Dan and Norvig, Peter and Orwant, Jon and Pinker, Steven and Nowak, Martin A. and Aiden, Erez Lieberman},
  year = {2011},
  pages = {176-182}
}
